% Encoding: UTF-8

@Book{7300075649,
  author       = {W. Lawrence Neuman},
  title        = {社会研究方法},
  year         = {2007},
  translator   = {郝大海},
  subtitle     = {定性和定量的取向},
  language     = {Chinese},
  origlanguage = {English},
  publisher    = {中国人民大学出版社},
  isbn         = {7-300-07564-9},
  address      = {北京},
}

@Book{9787511710345,
  author     = {道格拉斯 凯尔纳 and 斯蒂文 贝斯特},
  title      = {后现代理论},
  year       = {2012},
  translator = {张志斌},
  subtitle   = {批判性的质疑},
  publisher  = {中央编译出版社},
  isbn       = {9787511710345},
  address    = {北京},
}

@Online{20142020,
  author       = {中共中央 and 国务院},
  title        = {国家新型城镇化规划(2014－2020)},
  date         = {2014-03-16},
  url          = {http://www.gov.cn/zhengce/2014-03/16/content_2640075.htm},
  organization = {新华社},
}

@Book{capital,
  author     = {卡尔 马克思},
  title      = {资本论},
  year       = {2004},
  translator = {中共中央马克思恩格斯列宁斯大林著作编译局},
  subtitle   = {第一卷},
  publisher  = {人民出版社},
  isbn       = {9787010041155},
  address    = {北京},
}

@Book{davidcapital1,
  author     = {大卫 哈维},
  title      = {跟大卫·哈维读《资本论》},
  year       = {2014},
  translator = {刘英},
  subtitle   = {第一卷},
  publisher  = {上海译文出版社},
  isbn       = {9787532763610},
  address    = {上海},
}

@Article{britishworkday,
  author  = {陈日华},
  title   = {19世纪英国对工厂制度的规制:实践与立法},
  journal = {贵州社会科学},
  year    = {2014},
  issue   = {289},
  month   = {1},
}

@Online{zuihen,
  author       = {滴滴北京},
  title        = {滴滴大数据 ｜ 2016年最“狠”公司大揭秘},
  year         = {2016},
  url          = {https://mp.weixin.qq.com/s?__biz=MzI3NjAyODM0NQ==&mid=2650506049&idx=2&sn=38698a2abe64348969f064704c62ae02},
  organization = {滴滴北京},
}

@Online{tai58,
  author       = {钛媒体},
  title        = {58同城要实行“996工作制”了，姚劲波微博正被员工攻陷},
  date         = {2016-09-02},
  url          = {http://www.tmtpost.com/2453930.html},
  organization = {钛媒体},
}

@Article{guojilaogongshijian,
  author = {丁赛尔},
  title  = {国际劳工实践标准将对我国企业构成潜在威胁},
  date   = {2011-11-18},
  number = {003},
  note   = {news},
}

@Article{fushikangzuixin,
  author  = {"新生代"ilabour课题组},
  title   = {富士康最新工资、工时与生产管理调研},
  journal = {政治经济学报},
  year    = {2015},
  volume  = {4},
  issue   = {1},
  pages   = {97-132},
}

@Online{huaweimaiduan,
  author = {中国网},
  title  = {华为买断工龄终辟谣 专家指其行为“双输”},
  date   = {2007-11-08},
  url    = {http://www.china.com.cn/tech/txt/2007-11/08/content_9196708.htm},
}

@Online{huaweifendou,
  author = {瞭望东方周刊},
  title  = {华为：“自愿”的奋斗者协议},
  date   = {2010-09-21},
  url    = {http://focus.news.163.com/10/0921/15/6H460OOP00011SM9.html},
}

@Online{foxconnwiki,
  title        = {Foxconn},
  url          = {https://en.wikipedia.org/wiki/Foxconn},
  organization = {Wikipidea},
}

@Online{panyuan,
  author = {南都周刊},
  title  = {无国界医生组织首位内地成员的8年救援生涯},
  date   = {2006-10-28},
  url    = {http://news.sina.com.cn/c/2006-10-28/160311358033.shtml},
}

@Article{tuzheng,
  author  = {罗雪挥 and 李楠},
  title   = {屠铮　在利比里亚当“无国界医生”},
  journal = {人民日报海外版},
  date    = {2008-12-31},
  number  = {07},
  note    = {news},
}

@Online{jiangli,
  author = {丽水市教育局},
  title  = {《朗读者》首期特邀嘉宾蒋励},
  url    = {http://www.sohu.com/a/127492681_387142},
}

@Online{kandaijiangli,
  title = {如何看待北京医生辞职去阿富汗参加无国界医生？},
  url   = {https://www.zhihu.com/question/53835987},
}

@Article{yousheng,
  author   = {邱仁宗},
  title    = {一本医学家、遗传学家、决策者和立法者必读的书},
  journal  = {医学与哲学},
  year     = {2002},
  subtitle = {读《从“安乐死”到最终解决》},
  volume   = {23},
  number   = {5},
  month    = {5},
  pages    = {61-63},
}

@Online{mattwhite,
  author   = {Matthew White},
  title    = {Necrometrics},
  url      = {http://necrometrics.com/all20c.htm},
  subtitle = {Death Tolls across history},
}

@Online{renquanwiki,
  title = {人权},
  url   = {https://zh.wikipedia.org/wiki/%E4%BA%BA%E6%9D%83},
}

@Book{9787500415480,
  author    = {郑麒来},
  title     = {中国古代的食人},
  year      = {1994},
  subtitle  = {人吃人行为透视},
  publisher = {中国社会科学出版社},
  isbn      = {9787500415480},
  address   = {北京},
}

@Article{renxiangshi,
  author  = {易江波},
  title   = {人相食”：中国史中的一个固有表述及其法理},
  journal = {人大法律评论},
  year    = {2015},
  volume  = {2},
}

@Book{9787510048623,
  author     = {H W 詹森},
  title      = {詹森艺术史（插图第7版）},
  year       = {2013},
  translator = {艺术史组合翻译实验小组},
  publisher  = {世界图书出版公司北京公司},
  isbn       = {9787510048623},
  address    = {北京},
}

@Article{boduoyishu,
  author   = {刘悦笛},
  title    = {哲学如何剥夺艺术},
  journal  = {哲学研究},
  year     = {2006},
  subtitle = {当代“艺术终结论”的哲学反思},
  number   = {02},
  pages    = {78-84},
}

@Article{dantuozhenduan,
  author   = {周计武},
  title    = {艺术的终结},
  journal  = {学习与探索},
  year     = {2006},
  subtitle = {阿瑟·丹托的诊断},
  volume   = {164},
  number   = {3},
  pages    = {126-129},
}

@Article{wangduanting,
  author  = {王端廷},
  title   = {西方现代、后现代和当代艺术的分期与区别},
  journal = {东方艺术},
  year    = {2013},
  number  = {01},
  pages   = {164-165},
}

@Article{whatsart,
  author  = {周计武},
  title   = {什么是我们的当代艺术},
  journal = {文艺研究},
  year    = {2013},
  number  = {03},
  pages   = {25-33},
}

@Book{7214029774,
  author     = {阿瑟 丹托},
  title      = {艺术的终结},
  year       = {2005},
  translator = {欧阳英},
  publisher  = {江苏人民出版社},
  isbn       = {7214029774},
  address    = {南京},
}

@MastersThesis{fuwendantuo,
  author      = {付雯},
  title       = {艺术终结了吗？},
  institution = {山东大学},
  date        = {2006-05-06},
  subtitle    = {论丹托的“艺术终结论”},
  address     = {济南},
}

@Article{artistyinmou,
  author     = {让 鲍德里亚},
  title      = {艺术的阴谋},
  journal    = {艺苑},
  year       = {2014},
  translator = {万书元},
  number     = {06},
  pages      = {6-8},
}

@Article{yishudexiaoshi,
  author     = {让 鲍德里亚},
  title      = {不是艺术的消失，而是美学的饱和},
  journal    = {中国艺术},
  year       = {2016},
  translator = {程小牧},
  number     = {04},
  pages      = {124-127},
}

@Book{capital2,
  author     = {卡尔 马克思},
  title      = {资本论},
  year       = {2004},
  translator = {中共中央马克思恩格斯列宁斯大林著作编译局},
  subtitle   = {第二卷},
  publisher  = {人民出版社},
  isbn       = {9787010041162},
  address    = {北京},
}

@Book{karlvol46a,
  author     = {卡尔 马克思 and 弗里德里希 恩格斯},
  title      = {马克思恩格斯全集},
  year       = {1979},
  translator = {中共中央马克思恩格斯列宁斯大林著作编译局},
  subtitle   = {第46卷上册},
  publisher  = {人民出版社},
  address    = {北京},
}

@Book{capital3,
  author     = {卡尔 马克思},
  title      = {资本论},
  year       = {2004},
  translator = {中共中央马克思恩格斯列宁斯大林著作编译局},
  subtitle   = {第三卷},
  publisher  = {人民出版社},
  isbn       = {9787010041179},
  address    = {北京},
}

@Book{karlvol46b,
  author     = {卡尔 马克思 and 弗里德里希 恩格斯},
  title      = {马克思恩格斯全集},
  year       = {1979},
  translator = {中共中央马克思恩格斯列宁斯大林著作编译局},
  subtitle   = {第46卷下册},
  publisher  = {人民出版社},
  address    = {北京},
}

@Book{bigrussia,
  title     = {一个大国的崛起与崩溃},
  year      = {2009},
  editor    = {沈志华},
  subtitle  = {苏联历史专题研究（1917-1991）},
  publisher = {社会科学文献出版社},
  isbn      = {9787509709269},
  address   = {北京},
}

@Book{maenwen1,
  author     = {卡尔 马克思 and 弗里德里希 恩格斯},
  title      = {马克思恩格斯文集},
  year       = {2009},
  translator = {中共中央马克思恩格斯列宁斯大林著作编译局},
  subtitle   = {第一卷},
  publisher  = {人民出版社},
  isbn       = {9787010084619},
  address    = {北京},
}

@Book{maenwen2,
  author     = {卡尔 马克思 and 弗里德里希 恩格斯},
  title      = {马克思恩格斯文集},
  year       = {2009},
  translator = {中共中央马克思恩格斯列宁斯大林著作编译局},
  subtitle   = {第二卷},
  publisher  = {人民出版社},
  isbn       = {9787010084565},
  address    = {北京},
}

@Book{maenwen3,
  author     = {卡尔 马克思 and 弗里德里希 恩格斯},
  title      = {马克思恩格斯文集},
  year       = {2009},
  translator = {中共中央马克思恩格斯列宁斯大林著作编译局},
  subtitle   = {第三卷},
  publisher  = {人民出版社},
  isbn       = {9787010084596},
  address    = {北京},
}


@Book{maenxuanji1,
  author     = {卡尔 马克思 and 弗里德里希 恩格斯},
  title      = {马克思恩格斯选集},
  year       = {2012},
  translator = {中共中央马克思恩格斯列宁斯大林著作编译局},
  subtitle   = {第一卷},
  publisher  = {人民出版社},
  isbn       = {9787010106861},
  address    = {北京},
}

@Book{hegelyuanli,
  author     = {黑格尔},
  title      = {法哲学原理},
  year       = {1979},
  translator = {范扬 and 张企泰},
  publisher  = {商务印书馆},
  address    = {北京},
}

@Book{mazhengshi,
  author    = {M C Howard and J E King},
  title     = {A history of Marxian economics},
  year      = {1989},
  subtitle  = {1883-1929},
  publisher = {Princeton University Press},
  isbn      = {0691042500},
  address   = {New Jersey},
}


@Book{mazhengshi2,
  author    = {M C 霍华德 and J E King},
  translator = {顾海良 and 张新},
  title     = {马克思主义经济学史},
  year      = {2003},
  subtitle  = {1929-1990},
  publisher = {中央编译出版社},
  isbn      = {9787801096326},
  address   = {北京},
}

@Article{mamincui,
  author    = {刘建国 and 马龙闪},
  title     = {马克思的预言与俄国村社的历史命运},
  year      = {2011},
  subtitle  = {对马克思与民粹派通信的解读},
  publisher = {当代世界与社会主义},
  number = {05},
  pages   = {26-29},
}

@Online{shibaizhuyi,
  author       = {王游},
  title        = {第一次世界大战期间列宁和普列汉诺夫关于护国主义问题的论战},
  date         = {2014-07-15},
  url          = {http://euroasia.cssn.cn/cbw/cbw_wzsf/201407/t20140715_1781855.shtml},
  organization = {中国俄欧亚研究网},
}

@Article{wuenyuan,
  author = {吴恩远},
  title  = {论耐普曼的组成、性质及作用},
  year   = {1987},
  number = {04},
  pages  = {33-47},
}


@Article{guopuman,
  author = {郭春生},
  title  = {新经济政策时期“耐普曼”的发展问题研究},
  year   = {2009},
  number = {01},
  pages  = {33-47},
}

@MastersThesis{lijingdugang,
  author      = {李静},
  title       = {杜冈-巴拉诺夫斯基的经济周期理论及其影响},
  institution = {云南大学},
  year        = {2011},
  address     = {云南},
}

@Book{lenin43,
  author     = {列宁},
  title      = {列宁全集},
  year       = {1987},
  translator = {中共中央马克思恩格斯列宁斯大林著作编译局},
  volume     = {43},
  publisher  = {人民出版社},
}


@Book{lenin42,
  author     = {列宁},
  title      = {列宁全集},
  year       = {1985},
  translator = {中共中央马克思恩格斯列宁斯大林著作编译局},
  volume     = {42},
  publisher  = {人民出版社},
}


@Book{leninlunshe,
  author     = {列宁},
  title      = {列宁专题文集},
  subtitle   = {论社会主义},
  year       = {2009},
  translator = {中共中央马克思恩格斯列宁斯大林著作编译局},
  publisher  = {人民出版社},
}

@Online{wenyilubiao,
  author = {闻一},
  title  = {“路标转换派”回俄后的命运},
  date   = {2016-08-26},
  url    = {http://cul.qq.com/a/20160826/005126.htm},
}

@Book{jueyi1,
  title      = {苏联共产党代表大会、代表会议和中央全会决议汇编},
  year       = {1964},
  translator = {中共中央马克思恩格斯列宁斯大林著作编译局},
  subtitle   = {第一分册},
  publisher  = {人民出版社},
  address    = {北京},
}

@Book{jueyi2,
  title      = {苏联共产党代表大会、代表会议和中央全会决议汇编},
  year       = {1964},
  translator = {中共中央马克思恩格斯列宁斯大林著作编译局},
  subtitle   = {第二分册},
  publisher  = {人民出版社},
  address    = {北京},
}
@Book{jueyi3,
  title      = {苏联共产党代表大会、代表会议和中央全会决议汇编},
  year       = {1956},
  translator = {中共中央马克思恩格斯列宁斯大林著作编译局},
  subtitle   = {第三分册},
  publisher  = {人民出版社},
  address    = {北京},
}

@Book{jueyi4,
  title      = {苏联共产党代表大会、代表会议和中央全会决议汇编},
  year       = {1957},
  translator = {中共中央马克思恩格斯列宁斯大林著作编译局},
  subtitle   = {第四分册},
  publisher  = {人民出版社},
  address    = {北京},
}

@Book{jueyi5,
  title      = {苏联共产党代表大会、代表会议和中央全会决议汇编},
  year       = {1958},
  translator = {中共中央马克思恩格斯列宁斯大林著作编译局},
  subtitle   = {第五分册},
  publisher  = {人民出版社},
  address    = {北京},
}


@Book{yanyongfeinep,
  author     = {闫永飞},
  title      = {苏联社会主义过渡时期的新经济政策},
  year       = {2017},
  publisher  = {社会科学文献出版社},
  address    = {北京},
  isbn       = {9787520106672},
}


@Book{huanglifunep,
  editor    = {黄立茀},
  title      = {新经济政策时期的苏联社会},
  year       = {2012},
  publisher  = {社会科学文献出版社},
  address    = {北京},
  isbn       = {9787509733141},
}


@Book{buhalinwen1,
  title      = {布哈林文选},
  year       = {1981},
  author     = {布哈林},
  translator = {中共中央马克思恩格斯列宁斯大林著作编译局},
  subtitle   = {上册},
  publisher  = {人民出版社},
  address    = {北京},
}

@Book{buhalinwen2,
  title      = {布哈林文选},
  author     = {布哈林},
  year       = {1981},
  translator = {中共中央马克思恩格斯列宁斯大林著作编译局},
  subtitle   = {中册},
  publisher  = {人民出版社},
  address    = {北京},
}


@Book{stalin11,
  title      = {斯大林全集},
  author     = {布哈林},
  year       = {1955},
  translator = {苏共中央马克思恩格斯列宁斯大林研究院},
  subtitle   = {第11卷},
  publisher  = {人民出版社},
  address    = {北京},
}

@Article{wukelanjihuang,
  author  = {李燕},
  title   = {乌克兰“大饥荒”：不仅是个历史真相问题},
  subtitle = {兼析历史问题的政治化},
  journal = {当代世界社会主义问题},
  year    = {2012},
  number = {01},
  pages    = {69-77},
}


@Article{chenxintianamerica,
  author  = {陈新田},
  title   = {列宁“美国式道路”思想述论},
  journal = {社会科学论坛},
  year    = {2005},
  number = {06},
  pages    = {4-6},
}


@Article{wuenyuanzhengbian,
  author  = {吴恩远},
  title   = {苏联“大清洗”问题争辩的症结及意义},
  journal = {历史研究},
  year    = {2006},
  number = {06},
  pages    = {167-179},
}


@Article{xulongbinsu,
  author  = {徐隆彬},
  title   = {对苏联全盘集体化时期富农迁移问题的历史考察},
  journal = {俄罗斯东欧中亚研究},
  year    = {2014},
  number = {06},
  pages    = {67-78},
}


@Article{wangxiandai,
  author  = {汪晖},
  title   = {当代中国的思想状况与现代性问题},
  journal = {文艺争鸣},
  year    = {1998},
  number = {06},
  pages    = {6-21},
}

@Book{yangkongjian,
  author     = {杨宇振},
  title      = {资本空间化},
  year       = {2016},
  subtitle   = {资本积累、城镇化与空间生产},
  publisher  = {东南大学出版社},
  isbn       = {9787564163792},
  address    = {南京},
}

@Book{ouxianghuanghun,
  author     = {尼采},
  title      = {偶像的黄昏},
  translator = {卫茂平},
  year       = {2007},
  publisher  = {华东师范大学出版社},
  isbn       = {9787561747889},
  address    = {上海},
}


@Book{beijudansheng,
  author     = {尼采},
  title      = {悲剧的诞生},
  translator = {孙周兴},
  year       = {2016},
  publisher  = {商务印书馆},
  isbn       = {9787561747889},
  address    = {北京},
}

@Article{newneo,
  author   = {李小科},
  title    = {澄清被混用的“新自由主义”},
  journal  = {复旦学报（社会科学版）},
  year     = {2006},
  subtitle = {兼谈对New Liberalism和Neo-Liberalism的翻译},
  number   = {01},
  pages    = {56-62},
}

@Book{davidneoliber,
  author     = {大卫 哈维},
  title      = {新自由主义简史},
  year       = {2016},
  translator = {王钦},
  publisher  = {上海译文出版社},
  isbn       = {9787532770595},
  address    = {上海},
}


@Article{neoxuepai,
  author   = {林光彬 and 张蔚},
  title    = {新自由主义研究综述与研究新思路},
  journal  = {教学与研究},
  year     = {2005},
  number   = {05},
  pages    = {55-62},
}

@Article{chrisharmanneo1,
  author   = {克里斯 哈曼},
  translator = {唐科},
  title    = {对新自由主义理论研究的反思（上）},
  journal  = {国外理论动态},
  year     = {2008},
  number   = {09},
  pages    = {6-12},
}


@Article{chrisharmanneo2,
  author   = {克里斯 哈曼},
  translator = {唐科},
  title    = {对新自由主义理论研究的反思（下）},
  journal  = {国外理论动态},
  year     = {2008},
  number   = {10},
  pages    = {27-32},
}

@Article{unandchina,
  author  = {孟繁瑜 and 刘红海},
  title   = {城市化过程中的贫民窟问题},
  journal = {中国城市报},
  date    = {2015-07-06},
  number  = {07},
  note    = {standard},
  url     = {http://paper.people.com.cn/zgcsb/html/2015-07/06/content_1584683.htm},
}

@Book{9789211327083,
  author    = {UN-HABITAT},
  title     = {World Cities Report 2016: Urbanization and Development - Emerging Futures},
  year      = {2016},
  publisher = {United Nations},
  isbn      = {978-92-1-132708-3},
}

@Book{boyibo,
  author    = {薄一波},
  title     = {若干重大决策与事件的回顾（上下）},
  year      = {2008},
  publisher = {中共党史出版社},
  isbn      = {9787801998927},
  address   = {北京},
}

@Book{sanjiaozhou,
  author    = {黄宗智},
  title     = {长江三角洲小农家庭与乡村发展},
  year      = {1992},
  publisher = {中华书局},
  address   = {北京},
}

@Article{shiyiwu,
  author  = {鄢一龙 and 胡鞍钢},
  title   = {中国十一个五年计划实施情况回顾},
  journal = {清华大学学报（哲学社会科学版）},
  year    = {2012},
  volume  = {27},
  number  = {4},
  pages   = {35-45+158},
}

@Online{zhengshujie,
  author       = {邓书杰 and 李梅 and 吴晓莉 and 苏继红},
  title        = {中国历史大事详解丛书（套装共9册）},
  date         = {2015-05-10},
  url          = {https://www.amazon.cn/dp/B00XTUM5UG},
  organization = {吉林音像出版社},
}

@Online{quxiaohuji,
  author       = {邓敬雷},
  title        = {取消户籍制度，推动全面改革},
  date         = {2015-05-10},
  url          = {http://www.chinareform.org.cn/society/huji/Report/201303/t20130325_163484.htm},
  organization = {中国改革论坛},
}


@Article{jingjianzhigong,
  author  = {李若建},
  title   = {困难时期的精简职工与下放城镇居民},
  journal = {社会学研究},
  year    = {2001},
  number  = {06},
  pages   = {31-42},
}


@Article{anhuiliushi,
  author  = {陈者香},
  title   = {安徽六十年代的“”责任田与七十年代的“大包干”},
  journal = {百年潮},
  year    = {2010},
  number  = {12},
  pages   = {55-59},
}


@Article{zhang1959,
  author  = {宋霖},
  title   = {张恺帆在1959年},
  journal = {炎黄春秋},
  year    = {2012},
  number  = {08},
  pages   = {65-71},
}


@Article{zhangfandang,
  author  = {宋霖},
  title   = {张恺帆“反党联盟”案考辨},
  journal = {党史研究与教学},
  year    = {2000},
  number  = {05},
  pages   = {12-20},
}


@Book{anhuishengzhi,
  author    = {安徽省地方志编纂委员会},
  title     = {安徽省志·人口志},
  year      = {1995},
  publisher = {安徽人民出版社},
  address   = {合肥},
}

@Article{yiliaoshi,
  author  = {王晓玲},
  title   = {中国医疗市场政府管制的历史演进及制度反思},
  journal = {中国经济史研究},
  year    = {2012},
  number  = {03},
  pages   = {113-119},
}


@Article{zaihuangchayixing,
  author  = {姚宏志},
  title   = {1959～1961年安徽灾荒的差异性分析},
  journal = {党史研究与教学},
  year    = {2013},
  number  = {02},
  pages   = {37-41},
}

@Article{diyibugaige,
  author  = {陆学艺},
  title   = {农村第一步改革的回顾与思考},
  journal = {社会科学战线},
  year    = {2009},
  number  = {01},
  pages   = {1-20},
}

@Comment{jabref-meta: databaseType:biblatex;}
